<record><leader>00000cas a22000007a 4500</leader><controlfield tag="001">43940727</controlfield><controlfield tag="008">000427d19511951meuwr ne      0    0eng d</controlfield><datafield ind1=" " ind2=" " tag="010"><subfield code="a">sn 00062508 </subfield></datafield><datafield ind1=" " ind2=" " tag="040"><subfield code="a">MBN</subfield><subfield code="b">eng</subfield><subfield code="c">MBN</subfield><subfield code="d">OCLCF</subfield><subfield code="d">OCLCO</subfield></datafield><datafield ind1="1" ind2=" " tag="029"><subfield code="a">AU@</subfield><subfield code="b">000021486283</subfield></datafield><datafield ind1=" " ind2=" " tag="042"><subfield code="a">msc</subfield></datafield><datafield ind1="0" ind2="0" tag="245"><subfield code="a">Westbrook shopper.</subfield></datafield><datafield ind1=" " ind2=" " tag="260"><subfield code="a">Westbrook, Me. :</subfield><subfield code="b">[s.n.],</subfield></datafield><datafield ind1=" " ind2=" " tag="300"><subfield code="a">v.</subfield></datafield><datafield ind1=" " ind2=" " tag="310"><subfield code="a">Weekly</subfield></datafield><datafield ind1="0" ind2=" " tag="362"><subfield code="a">Vol. 2, no. 1 (Jan. 3, 1951)-v. 2, no. 42 (Oct. 17, 1951).</subfield></datafield><datafield ind1=" " ind2="0" tag="651"><subfield code="a">Westbrook (Me.)</subfield><subfield code="v">Newspapers.</subfield></datafield><datafield ind1=" " ind2="7" tag="655"><subfield code="a">Newspapers.</subfield><subfield code="2">fast</subfield><subfield code="0">(OCoLC)fst01423814</subfield></datafield><datafield ind1=" " ind2="7" tag="651"><subfield code="a">Maine</subfield><subfield code="z">Westbrook.</subfield><subfield code="2">fast</subfield><subfield code="0">(OCoLC)fst01218835</subfield></datafield><datafield ind1=" " ind2=" " tag="752"><subfield code="a">United States</subfield><subfield code="b">Maine</subfield><subfield code="c">Cumberland</subfield><subfield code="d">Westbrook.</subfield></datafield><datafield ind1="0" ind2="0" tag="780"><subfield code="t">Suburban shopper</subfield><subfield code="w">(DLC)sn 00062507</subfield></datafield><datafield ind1="0" ind2="0" tag="785"><subfield code="t">Westbrook American</subfield><subfield code="w">(DLC)sn 95067898</subfield></datafield></record>